@misc{interface,
  author = {Equipo 5},
  title  = {interface},
  year   = {2024},
  url    = {https://github.com/t4dokiary/RI-Programa1/blob/main/Interfaz.py}
}
@misc{programa,
  author = {Equipo 5},
  title  = {programa},
  year   = {2024},
  url    = {https://github.com/t4dokiary/RI-Programa1/blob/main/TAREA4.py}
}
@misc{repositorio,
  author = {Equipo 5},
  title  = {repositorio},
  year   = {2024},
  url    = {https://github.com/t4dokiary/RI-Programa1}
}